<marcxml:record xmlns:marcxml="http://www.loc.gov/MARC21/slim" xmlns:mets="http://www.loc.gov/METS/" xmlns:bf="http://id.loc.gov/ontologies/bibframe/" xmlns:bflc="http://id.loc.gov/ontologies/bflc/" xmlns:madsrdf="http://www.loc.gov/mads/rdf/v1#" xmlns:rdf="http://www.w3.org/1999/02/22-rdf-syntax-ns#" xmlns:ri="http://id.loc.gov/ontologies/RecordInfo#" xmlns:idx="info:lc/xq-modules/lcindex" xmlns:semtriples="http://marklogic.com/semantic" xmlns:xsi="http://www.w3.org/2001/XMLSchema-instance" xmlns:xlink="http://www.w3.org/1999/xlink" xmlns:streams="info:lc/streams#">
  <marcxml:leader>02321cam a22003977a 4500</marcxml:leader>
  <marcxml:controlfield tag="001">17922192</marcxml:controlfield>
  <marcxml:controlfield tag="005">20141231113934.0</marcxml:controlfield>
  <marcxml:controlfield tag="008">131029s2013    enka          001 0 eng d</marcxml:controlfield>
  <marcxml:datafield tag="906" ind1=" " ind2=" ">
    <marcxml:subfield code="a">7</marcxml:subfield>
    <marcxml:subfield code="b">cbc</marcxml:subfield>
    <marcxml:subfield code="c">copycat</marcxml:subfield>
    <marcxml:subfield code="d">2</marcxml:subfield>
    <marcxml:subfield code="e">ncip</marcxml:subfield>
    <marcxml:subfield code="f">20</marcxml:subfield>
    <marcxml:subfield code="g">y-gencatlg</marcxml:subfield>
  </marcxml:datafield>
  <marcxml:datafield tag="925" ind1="0" ind2=" ">
    <marcxml:subfield code="a">acquire</marcxml:subfield>
    <marcxml:subfield code="b">1 shelf copies</marcxml:subfield>
    <marcxml:subfield code="x">policy default</marcxml:subfield>
  </marcxml:datafield>
  <marcxml:datafield tag="955" ind1=" " ind2=" ">
    <marcxml:subfield code="b">xn03 2013-10-29 z-processor to USGEN</marcxml:subfield>
    <marcxml:subfield code="i">rk07 2013-11-05 to BCCD</marcxml:subfield>
  </marcxml:datafield>
  <marcxml:datafield tag="010" ind1=" " ind2=" ">
    <marcxml:subfield code="a">  2012277865</marcxml:subfield>
  </marcxml:datafield>
  <marcxml:datafield tag="020" ind1=" " ind2=" ">
    <marcxml:subfield code="a">9781465414359 (hardcover)</marcxml:subfield>
  </marcxml:datafield>
  <marcxml:datafield tag="020" ind1=" " ind2=" ">
    <marcxml:subfield code="a">1465414355 (hardcover)</marcxml:subfield>
  </marcxml:datafield>
  <marcxml:datafield tag="035" ind1=" " ind2=" ">
    <marcxml:subfield code="a">(OCoLC)ocn827841927</marcxml:subfield>
  </marcxml:datafield>
  <marcxml:datafield tag="040" ind1=" " ind2=" ">
    <marcxml:subfield code="a">YDXCP</marcxml:subfield>
    <marcxml:subfield code="b">eng</marcxml:subfield>
    <marcxml:subfield code="e">rda</marcxml:subfield>
    <marcxml:subfield code="c">YDXCP</marcxml:subfield>
    <marcxml:subfield code="d">BTCTA</marcxml:subfield>
    <marcxml:subfield code="d">BDX</marcxml:subfield>
    <marcxml:subfield code="d">FLWMD</marcxml:subfield>
    <marcxml:subfield code="d">GK8</marcxml:subfield>
    <marcxml:subfield code="d">KNJ</marcxml:subfield>
    <marcxml:subfield code="d">IH7</marcxml:subfield>
    <marcxml:subfield code="d">GK7</marcxml:subfield>
    <marcxml:subfield code="d">OCP</marcxml:subfield>
    <marcxml:subfield code="d">ZQP</marcxml:subfield>
    <marcxml:subfield code="d">CGP</marcxml:subfield>
    <marcxml:subfield code="d">CLE</marcxml:subfield>
    <marcxml:subfield code="d">EEK</marcxml:subfield>
    <marcxml:subfield code="d">VP@</marcxml:subfield>
    <marcxml:subfield code="d">DLC</marcxml:subfield>
  </marcxml:datafield>
  <marcxml:datafield tag="042" ind1=" " ind2=" ">
    <marcxml:subfield code="a">lccopycat</marcxml:subfield>
  </marcxml:datafield>
  <marcxml:datafield tag="050" ind1="0" ind2="0">
    <marcxml:subfield code="a">N5300</marcxml:subfield>
    <marcxml:subfield code="b">.A698 2013</marcxml:subfield>
  </marcxml:datafield>
  <marcxml:datafield tag="082" ind1="0" ind2="4">
    <marcxml:subfield code="a">709</marcxml:subfield>
    <marcxml:subfield code="2">23</marcxml:subfield>
  </marcxml:datafield>
  <marcxml:datafield tag="245" ind1="0" ind2="0">
    <marcxml:subfield code="a">Art that changed the world /</marcxml:subfield>
    <marcxml:subfield code="c">[chief consultant, Ian Chilvers ; contributors, Iain Zaczek, Jude Welton, Caroline Bugler, Lorrie Mack].</marcxml:subfield>
  </marcxml:datafield>
  <marcxml:datafield tag="250" ind1=" " ind2=" ">
    <marcxml:subfield code="a">First American edition.</marcxml:subfield>
  </marcxml:datafield>
  <marcxml:datafield tag="264" ind1=" " ind2="1">
    <marcxml:subfield code="a">London :</marcxml:subfield>
    <marcxml:subfield code="b">DK Publishing,</marcxml:subfield>
    <marcxml:subfield code="c">2013.</marcxml:subfield>
  </marcxml:datafield>
  <marcxml:datafield tag="300" ind1=" " ind2=" ">
    <marcxml:subfield code="a">400 pages :</marcxml:subfield>
    <marcxml:subfield code="b">illustrations (chiefly color) ;</marcxml:subfield>
    <marcxml:subfield code="c">31 cm</marcxml:subfield>
  </marcxml:datafield>
  <marcxml:datafield tag="336" ind1=" " ind2=" ">
    <marcxml:subfield code="a">text</marcxml:subfield>
    <marcxml:subfield code="b">txt</marcxml:subfield>
    <marcxml:subfield code="2">rdacontent</marcxml:subfield>
  </marcxml:datafield>
  <marcxml:datafield tag="337" ind1=" " ind2=" ">
    <marcxml:subfield code="a">unmediated</marcxml:subfield>
    <marcxml:subfield code="b">n</marcxml:subfield>
    <marcxml:subfield code="2">rdamedia</marcxml:subfield>
  </marcxml:datafield>
  <marcxml:datafield tag="338" ind1=" " ind2=" ">
    <marcxml:subfield code="a">volume</marcxml:subfield>
    <marcxml:subfield code="b">nc</marcxml:subfield>
    <marcxml:subfield code="2">rdacarrier</marcxml:subfield>
  </marcxml:datafield>
  <marcxml:datafield tag="500" ind1=" " ind2=" ">
    <marcxml:subfield code="a">Includes indexes.</marcxml:subfield>
  </marcxml:datafield>
  <marcxml:datafield tag="505" ind1="0" ind2=" ">
    <marcxml:subfield code="a">[pt. I.] Ancient and medieval : Prehistoric art ; Egyptian art ; Greek and Roman art ; Early Christian and Byzantine ; The Dark Ages ; Romanesque and Gothic -- [pt. II.] Renaissance and mannerism : Birth of the Renaissance ; Flowering of the Renaissance ; High Renaissance ; Venetian Renaissance ; Northern Renaissance ; Italian mannerism ; Mannerism outside Italy -- [pt. III.] Baroque to neoclassicism : Italian Baroque ; Flemish and Spanish Baroque ; Dutch Baroque ; French Baroque ; French rococo ; Rococo outside France ; Neoclassicism -- [pt. IV.] The 19th century : Romanticism ; Romantic landscape ; Pre-Raphaelites ; Realism ; Impressionism ; Post-impressionism ; Symbolism -- [pt. V.] The modern age : Expressionism ; Cubism ; Birth of abstract art ; Dada and surrealism ; Abstract expressionism ; Pop and op art ; Recent abstraction ; The figurative tradition.</marcxml:subfield>
  </marcxml:datafield>
  <marcxml:datafield tag="650" ind1=" " ind2="0">
    <marcxml:subfield code="a">Art</marcxml:subfield>
    <marcxml:subfield code="x">History.</marcxml:subfield>
  </marcxml:datafield>
  <marcxml:datafield tag="650" ind1=" " ind2="0">
    <marcxml:subfield code="a">Art and society.</marcxml:subfield>
  </marcxml:datafield>
  <marcxml:datafield tag="650" ind1=" " ind2="0">
    <marcxml:subfield code="a">Art and literature.</marcxml:subfield>
  </marcxml:datafield>
  <marcxml:datafield tag="700" ind1="1" ind2=" ">
    <marcxml:subfield code="a">Chilvers, Ian,</marcxml:subfield>
    <marcxml:subfield code="e">author,</marcxml:subfield>
    <marcxml:subfield code="e">consultant.</marcxml:subfield>
  </marcxml:datafield>
  <marcxml:datafield tag="700" ind1="1" ind2=" ">
    <marcxml:subfield code="a">Zaczek, Iain,</marcxml:subfield>
    <marcxml:subfield code="e">author.</marcxml:subfield>
  </marcxml:datafield>
  <marcxml:datafield tag="700" ind1="1" ind2=" ">
    <marcxml:subfield code="a">Welton, Jude,</marcxml:subfield>
    <marcxml:subfield code="e">author.</marcxml:subfield>
  </marcxml:datafield>
  <marcxml:datafield tag="700" ind1="1" ind2=" ">
    <marcxml:subfield code="a">Bugler, Caroline,</marcxml:subfield>
    <marcxml:subfield code="e">author.</marcxml:subfield>
  </marcxml:datafield>
  <marcxml:datafield tag="700" ind1="1" ind2=" ">
    <marcxml:subfield code="a">Mack, Lorrie,</marcxml:subfield>
    <marcxml:subfield code="e">author.</marcxml:subfield>
  </marcxml:datafield>
</marcxml:record>
